@techreport{1,
  author = {Bernhard {Hollunder} and Franz {Baader}},
  institution = {{R}esearch {R}eport RR-91-03},
  title = {{Q}ualifying {N}umber {R}estrictions {C}oncept {L}anguages},
  year = {1991},
}
@phdthesis{6,
  author = {Stephan {Tobies}},
  title = {{C}omplexity {R}esults and {P}ractical {A}lgorithms for {L}ogics in {K}nowledge {R}epresentation},
  school = {Rheinisch-Westf{\"a}lischen Technischen Hochschule Aachen},
  year = {2001},
}
@article{bio,
  author = {Robert {Hoehndorf} and Paul N. {Schofield} and Georgios V. {Gkoutos}},
  title = {{T}he role of ontologies in biological and biomedical research: a functional perspective},
  year = {2015},
  journal = {Brief. Bioinform},
  volumne = {2015 Nov; 16(6)},
  pages = {1069â€“1080},
}
@article{2,
author = {Horrocks, Ian and Sattler, Uli and Tobies, Stephan},
year = {2000},
month = {05},
pages = {},
title = {Practical Reasoning for Very Expressive Description Logics},
volume = {cs.LO/0005014},
journal = {CoRR},
doi = {10.1093/jigpal/8.3.239}
}
@book{Ba,
  author = {Franz {Baader} and Ian {Horrocks} and Carsten {Lutz} and Ulrike {Sattler}},
  publisher = {Cambridge University Press},
  title = {An Introduction to Description Logic},
  pages = {10-49, 168-192},
  year = {2017},
}